<?xml version="1.0" encoding="UTF-8"?><collection xmlns="http://www.loc.gov/MARC21/slim"><record><leader>00412nam--2200157-i-4500</leader><controlfield tag="001">000011080</controlfield><controlfield tag="002">20161230</controlfield><controlfield tag="005">20170125165927</controlfield><controlfield tag="008">060222s1000------------r-----000-0-eng-d</controlfield><datafield ind1=" " ind2=" " tag="080"><subfield code="a">92(08)</subfield></datafield><datafield ind1=" " ind2=" " tag="245"><subfield code="a">Niels Bohr. Collected works. 1. Early work (1905-1911)</subfield></datafield><datafield ind1=" " ind2=" " tag="260"><subfield code="a">Amsterdam</subfield><subfield code="b">North-Holland</subfield><subfield code="c">1972</subfield></datafield><datafield ind1=" " ind2=" " tag="300"><subfield code="a">XLVIII + 608 p</subfield></datafield><datafield ind1=" " ind2=" " tag="700"><subfield code="a">Nielsen, Rud J</subfield></datafield><datafield ind1=" " ind2=" " tag="852"><subfield code="a">40934</subfield></datafield><datafield ind1=" " ind2=" " tag="CAT"><subfield code="a">SYS</subfield><subfield code="c">20170125</subfield><subfield code="h">165927</subfield></datafield></record></collection>